[
  {
    "name": "Blandfärs 50/50 21% ca 1kg ICA",
    "storeId": "5f59e688f158c91676980f43",
    "categoryIds": [],
    "brand": "ica",
    "price": 78.9,
    "packagingSize": "1",
    "pricePerUnit": 78.9,
    "quantityType": "KG",
    "discount": null,
    "labels": [
      "blandfärs",
      "50/50",
      "21%",
      "ca",
      "1kg",
      "ica",
      "köttfärs"
    ],
    "isEcological": false,
    "countryOfOrigin": "Sverige",
    "imageUrl": "https://assets.icanet.se/t_product_large_v1,f_auto/2319292100000.jpg"
  },
  {
    "name": "Blandfärs 50/50 Fetthalt 20% 500g ICA",
    "storeId": "5f59e688f158c91676980f43",
    "categoryIds": [],
    "brand": "ica",
    "price": 41.9,
    "packagingSize": "500",
    "pricePerUnit": 83.8,
    "quantityType": "GRM",
    "discount": null,
    "labels": [
      "blandfärs",
      "50/50",
      "fetthalt",
      "20%",
      "500g",
      "ica",
      "köttfärs"
    ],
    "isEcological": false,
    "countryOfOrigin": "Sverige",
    "imageUrl": "https://assets.icanet.se/t_product_large_v1,f_auto/7318690161967.jpg"
  },
  {
    "name": "Laxfilé Fryst 4-p 500g Pacific brand",
    "storeId": "5f59e688f158c91676980f43",
    "categoryIds": [],
    "brand": "pacific-brand",
    "price": 75.9,
    "packagingSize": "500",
    "pricePerUnit": 151.8,
    "quantityType": "GRM",
    "discount": null,
    "labels": [
      "laxfilé",
      "fryst",
      "500g",
      "pacific",
      "brand",
      "fisk",
      "lax",
      "skaldjur"
    ],
    "isEcological": false,
    "countryOfOrigin": "Norge",
    "imageUrl": "https://assets.icanet.se/t_product_large_v1,f_auto/7318690080428.jpg"
  },
  {
    "name": "Nötfärs Finmalen Fetthalt 12% 500g ICA",
    "storeId": "5f59e688f158c91676980f43",
    "categoryIds": [],
    "brand": "ica",
    "price": 49.9,
    "packagingSize": "500",
    "pricePerUnit": 99.8,
    "quantityType": "GRM",
    "discount": null,
    "labels": [
      "nötfärs",
      "finmalen",
      "fetthalt",
      "12%",
      "500g",
      "ica",
      "köttfärs"
    ],
    "isEcological": false,
    "countryOfOrigin": "Sverige",
    "imageUrl": "https://assets.icanet.se/t_product_large_v1,f_auto/7318690161981.jpg"
  },
  {
    "name": "Bacon Rökt Skivad 125g Tulip",
    "storeId": "5f59e688f158c91676980f43",
    "categoryIds": [],
    "brand": "tulip",
    "price": 19.9,
    "packagingSize": "125",
    "pricePerUnit": 159.2,
    "quantityType": "GRM",
    "discount": null,
    "labels": [
      "bacon",
      "rökt",
      "skivad",
      "125g",
      "tulip",
      "matchark",
      "stekfläsk"
    ],
    "isEcological": false,
    "countryOfOrigin": "Tyskland",
    "imageUrl": "https://assets.icanet.se/t_product_large_v1,f_auto/5707196031836.jpg"
  },
  {
    "name": "Grillkorv Kyckling 400g ICA",
    "storeId": "5f59e688f158c91676980f43",
    "categoryIds": [],
    "brand": "ica",
    "price": 19.9,
    "packagingSize": "400",
    "pricePerUnit": 49.75,
    "quantityType": "GRM",
    "discount": null,
    "labels": [
      "grillkorv",
      "kyckling",
      "400g",
      "ica",
      "korv"
    ],
    "isEcological": false,
    "countryOfOrigin": "Sverige",
    "imageUrl": "https://assets.icanet.se/t_product_large_v1,f_auto/7318690166184.jpg"
  },
  {
    "name": "Bacon skivat 140g ICA",
    "storeId": "5f59e688f158c91676980f43",
    "categoryIds": [],
    "brand": "ica",
    "price": 12.9,
    "packagingSize": "140",
    "pricePerUnit": 92.14286,
    "quantityType": "GRM",
    "discount": null,
    "labels": [
      "bacon",
      "skivat",
      "140g",
      "ica",
      "matchark",
      "stekfläsk"
    ],
    "isEcological": false,
    "countryOfOrigin": "Sverige",
    "imageUrl": "https://assets.icanet.se/t_product_large_v1,f_auto/7318690177814.jpg"
  },
  {
    "name": "Bacon 140g Scan",
    "storeId": "5f59e688f158c91676980f43",
    "categoryIds": [],
    "brand": "scan",
    "price": 17,
    "packagingSize": "140",
    "pricePerUnit": 121.42857,
    "quantityType": "GRM",
    "discount": null,
    "labels": [
      "bacon",
      "140g",
      "scan",
      "matchark",
      "stekfläsk"
    ],
    "isEcological": false,
    "countryOfOrigin": "Sverige",
    "imageUrl": "https://assets.icanet.se/t_product_large_v1,f_auto/7300208345006.jpg"
  },
  {
    "name": "Gourmetskinka Rökt 200g Pärsons",
    "storeId": "5f59e688f158c91676980f43",
    "categoryIds": [],
    "brand": "parsons",
    "price": 32.9,
    "packagingSize": "200",
    "pricePerUnit": 164.5,
    "quantityType": "GRM",
    "discount": null,
    "labels": [
      "gourmetskinka",
      "rökt",
      "200g",
      "pärsons",
      "pålägg",
      "skinka"
    ],
    "isEcological": false,
    "countryOfOrigin": "Sverige",
    "imageUrl": "https://assets.icanet.se/t_product_large_v1,f_auto/7330797088794.jpg"
  },
  {
    "name": "Kallrökt Skivad Lax 150g Vägga Rökeri",
    "storeId": "5f59e688f158c91676980f43",
    "categoryIds": [],
    "brand": "vagga-rokeri",
    "price": 53.9,
    "packagingSize": "150",
    "pricePerUnit": 359.33333,
    "quantityType": "GRM",
    "discount": null,
    "labels": [
      "kallrökt",
      "skivad",
      "lax",
      "150g",
      "vägga",
      "rökeri",
      "fisk",
      "rökt"
    ],
    "isEcological": false,
    "countryOfOrigin": "Norge",
    "imageUrl": "https://assets.icanet.se/t_product_large_v1,f_auto/7393423001154.jpg"
  },
  {
    "name": "Hamburgare 4-p 113g 452g ICA",
    "storeId": "5f59e688f158c91676980f43",
    "categoryIds": [],
    "brand": "ica",
    "price": 41.9,
    "packagingSize": "113",
    "pricePerUnit": 92.69912,
    "quantityType": "GRM",
    "discount": null,
    "labels": [
      "hamburgare",
      "113g",
      "452g",
      "ica",
      "matchark",
      "hamburgare,",
      "färska"
    ],
    "isEcological": false,
    "countryOfOrigin": "Sverige",
    "imageUrl": "https://assets.icanet.se/t_product_large_v1,f_auto/7318690042198.jpg"
  },
  {
    "name": "Nötfärs Finmald ca1kg 12% ICA",
    "storeId": "5f59e688f158c91676980f43",
    "categoryIds": [],
    "brand": "ica",
    "price": 94.9,
    "packagingSize": "N/A",
    "pricePerUnit": 94.9,
    "quantityType": "KG",
    "discount": null,
    "labels": [
      "nötfärs",
      "finmald",
      "ca1kg",
      "12%",
      "ica",
      "köttfärs"
    ],
    "isEcological": false,
    "countryOfOrigin": "Sverige",
    "imageUrl": "https://assets.icanet.se/t_product_large_v1,f_auto/2319291700000.jpg"
  },
  {
    "name": "Kaviar Original 190g Kalles",
    "storeId": "5f59e688f158c91676980f43",
    "categoryIds": [],
    "brand": "kalles",
    "price": 21.9,
    "packagingSize": "190",
    "pricePerUnit": 115.26316,
    "quantityType": "GRM",
    "discount": null,
    "labels": [
      "kaviar",
      "original",
      "190g",
      "kalles",
      "sill,",
      "rom"
    ],
    "isEcological": false,
    "countryOfOrigin": "Sverige",
    "imageUrl": "https://assets.icanet.se/t_product_large_v1,f_auto/7311170031118.jpg"
  },
  {
    "name": "Bacon Skivat 140g ICA Basic",
    "storeId": "5f59e688f158c91676980f43",
    "categoryIds": [],
    "brand": "ica-basic",
    "price": 10.9,
    "packagingSize": "140",
    "pricePerUnit": 77.85714,
    "quantityType": "GRM",
    "discount": null,
    "labels": [
      "bacon",
      "skivat",
      "140g",
      "ica",
      "basic",
      "matchark",
      "stekfläsk"
    ],
    "isEcological": false,
    "countryOfOrigin": "Sverige",
    "imageUrl": "https://assets.icanet.se/t_product_large_v1,f_auto/7318690177852.jpg"
  },
  {
    "name": "Falukorv Ring 800g ICA",
    "storeId": "5f59e688f158c91676980f43",
    "categoryIds": [],
    "brand": "ica",
    "price": 30,
    "packagingSize": "800",
    "pricePerUnit": 37.5,
    "quantityType": "GRM",
    "discount": null,
    "labels": [
      "falukorv",
      "ring",
      "800g",
      "ica",
      "korv"
    ],
    "isEcological": false,
    "countryOfOrigin": "Sverige",
    "imageUrl": "https://assets.icanet.se/t_product_large_v1,f_auto/7318690022275.jpg"
  },
  {
    "name": "Salami Milano 70g ICA",
    "storeId": "5f59e688f158c91676980f43",
    "categoryIds": [],
    "brand": "ica",
    "price": 23.9,
    "packagingSize": "70",
    "pricePerUnit": 341.42857,
    "quantityType": "GRM",
    "discount": null,
    "labels": [
      "salami",
      "milano",
      "70g",
      "ica",
      "delikatesschark",
      "lufttorkad",
      "korv"
    ],
    "isEcological": false,
    "countryOfOrigin": "Italien",
    "imageUrl": "https://assets.icanet.se/t_product_large_v1,f_auto/7318690101086.jpg"
  },
  {
    "name": "Kalkon Rökt 200g Pärsons",
    "storeId": "5f59e688f158c91676980f43",
    "categoryIds": [],
    "brand": "parsons",
    "price": 38.9,
    "packagingSize": "200",
    "pricePerUnit": 194.5,
    "quantityType": "GRM",
    "discount": null,
    "labels": [
      "kalkon",
      "rökt",
      "200g",
      "pärsons",
      "pålägg",
      "fågel"
    ],
    "isEcological": false,
    "countryOfOrigin": "N/A",
    "imageUrl": "https://assets.icanet.se/t_product_large_v1,f_auto/7330797088954.jpg"
  },
  {
    "name": "Bacon Skivat 3-p 420g ICA",
    "storeId": "5f59e688f158c91676980f43",
    "categoryIds": [],
    "brand": "ica",
    "price": 36.9,
    "packagingSize": "420",
    "pricePerUnit": 87.85714,
    "quantityType": "GRM",
    "discount": null,
    "labels": [
      "bacon",
      "skivat",
      "420g",
      "ica",
      "matchark",
      "stekfläsk"
    ],
    "isEcological": false,
    "countryOfOrigin": "Sverige",
    "imageUrl": "https://assets.icanet.se/t_product_large_v1,f_auto/7318690177821.jpg"
  },
  {
    "name": "Kycklingfilé Fryst 1kg Kronfågel",
    "storeId": "5f59e688f158c91676980f43",
    "categoryIds": [],
    "brand": "kronfagel",
    "price": 88.9,
    "packagingSize": "1",
    "pricePerUnit": 88.9,
    "quantityType": "KG",
    "discount": null,
    "labels": [
      "kycklingfilé",
      "fryst",
      "1kg",
      "kronfågel",
      "kyckling",
      "fågel",
      "kycklingfilé,"
    ],
    "isEcological": false,
    "countryOfOrigin": "Sverige",
    "imageUrl": "https://assets.icanet.se/t_product_large_v1,f_auto/7300322544002.jpg"
  },
  {
    "name": "Kalkonklubba ca 800g Åke P Fågel & Vilt",
    "storeId": "5f59e688f158c91676980f43",
    "categoryIds": [],
    "brand": "ake-p-fagel---vilt",
    "price": 36.9,
    "packagingSize": "800",
    "pricePerUnit": 36.9,
    "quantityType": "GRM",
    "discount": null,
    "labels": [
      "kalkonklubba",
      "ca",
      "800g",
      "åke",
      "fågel",
      "vilt",
      "kyckling",
      "kalkon,",
      "anka",
      "övrig",
      "fågel,",
      "färsk",
      "kycklingdelar",
      "kycklingdelar,"
    ],
    "isEcological": false,
    "countryOfOrigin": "Sverige",
    "imageUrl": "https://assets.icanet.se/t_product_large_v1,f_auto/2376204000000.jpg"
  },
  {
    "name": "Chorizo 300g Scan",
    "storeId": "5f59e688f158c91676980f43",
    "categoryIds": [],
    "brand": "scan",
    "price": 32.9,
    "packagingSize": "300",
    "pricePerUnit": 109.66667,
    "quantityType": "GRM",
    "discount": {
      "priorityPromotion": {
        "id": 4374074,
        "name": "2 för 45 kr",
        "type": "group-fixed-price",
        "isGroupFixedPrice": true,
        "hasShortValidity": true,
        "hasLongValidity": false,
        "validTo": "Giltigt till 27 september 2020",
        "forLoggedIn": false,
        "price": 45,
        "comparePrice": 75,
        "numberOfItemsInPromotion": 2,
        "connectedCampaign": {
          "id": 4374074,
          "name": "Kryddiga korvar",
          "comparePriceText": "75:00-93:75/kg"
        },
        "offerId": "5001828207",
        "count": 3,
        "splashProperties": {
          "pre": "2 för",
          "main": "45",
          "sup": false,
          "post": null,
          "cardprice": false
        },
        "suppressComparePriceRange": true,
        "comparePriceTextWithoutDeposit": "Jfr-pris 75 kr/kg",
        "comparePriceTextWithDeposit": "Jfr-pris 75 kr/kg"
      }
    },
    "labels": [
      "chorizo",
      "300g",
      "scan",
      "korv",
      "kryddkorv"
    ],
    "isEcological": false,
    "countryOfOrigin": "Sverige",
    "imageUrl": "https://assets.icanet.se/t_product_large_v1,f_auto/7300208373009.jpg"
  },
  {
    "name": "Pastej Bredbar 200g ICA",
    "storeId": "5f59e688f158c91676980f43",
    "categoryIds": [],
    "brand": "ica",
    "price": 13.9,
    "packagingSize": "200",
    "pricePerUnit": 69.5,
    "quantityType": "GRM",
    "discount": {
      "priorityPromotion": {
        "id": 4373986,
        "name": "8 kr",
        "type": "fixed-price",
        "isFixedPrice": true,
        "hasShortValidity": true,
        "hasLongValidity": false,
        "validTo": "Giltigt till 27 september 2020",
        "forLoggedIn": false,
        "price": 8,
        "comparePrice": 40,
        "numberOfItemsInPromotion": -1,
        "connectedCampaign": {
          "id": 4373986,
          "name": "Leverpastej",
          "comparePriceText": "40:00/kg"
        },
        "offerId": "5001828253",
        "count": 2,
        "splashProperties": {
          "main": "8",
          "sup": false,
          "post": null,
          "cardprice": false
        },
        "suppressComparePriceRange": true,
        "comparePriceTextWithoutDeposit": "Jfr-pris 40 kr/kg",
        "comparePriceTextWithDeposit": "Jfr-pris 40 kr/kg"
      }
    },
    "labels": [
      "pastej",
      "bredbar",
      "200g",
      "ica",
      "pålägg",
      "paté"
    ],
    "isEcological": false,
    "countryOfOrigin": "Sverige",
    "imageUrl": "https://assets.icanet.se/t_product_large_v1,f_auto/7318690115052.jpg"
  },
  {
    "name": "Falukorv Klassiker 800g Scan",
    "storeId": "5f59e688f158c91676980f43",
    "categoryIds": [],
    "brand": "scan",
    "price": 34.9,
    "packagingSize": "800",
    "pricePerUnit": 43.625,
    "quantityType": "GRM",
    "discount": null,
    "labels": [
      "falukorv",
      "klassiker",
      "800g",
      "scan",
      "korv"
    ],
    "isEcological": false,
    "countryOfOrigin": "Sverige",
    "imageUrl": "https://assets.icanet.se/t_product_large_v1,f_auto/7300206787006.jpg"
  },
  {
    "name": "Gravad Skivad Lax 150g Vägga Rökeri",
    "storeId": "5f59e688f158c91676980f43",
    "categoryIds": [],
    "brand": "vagga-rokeri",
    "price": 53.9,
    "packagingSize": "150",
    "pricePerUnit": 359.33333,
    "quantityType": "GRM",
    "discount": null,
    "labels": [
      "gravad",
      "skivad",
      "lax",
      "150g",
      "vägga",
      "rökeri",
      "fisk"
    ],
    "isEcological": false,
    "countryOfOrigin": "Norge",
    "imageUrl": "https://assets.icanet.se/t_product_large_v1,f_auto/7393423002151.jpg"
  },
  {
    "name": "Skinka Basturökt 120g Pärsons",
    "storeId": "5f59e688f158c91676980f43",
    "categoryIds": [],
    "brand": "parsons",
    "price": 30,
    "packagingSize": "120",
    "pricePerUnit": 250,
    "quantityType": "GRM",
    "discount": null,
    "labels": [
      "skinka",
      "basturökt",
      "120g",
      "pärsons",
      "pålägg"
    ],
    "isEcological": false,
    "countryOfOrigin": "Sverige",
    "imageUrl": "https://assets.icanet.se/t_product_large_v1,f_auto/7330797077200.jpg"
  },
  {
    "name": "Skinka Kokt 200g ICA",
    "storeId": "5f59e688f158c91676980f43",
    "categoryIds": [],
    "brand": "ica",
    "price": 26.9,
    "packagingSize": "200",
    "pricePerUnit": 134.5,
    "quantityType": "GRM",
    "discount": null,
    "labels": [
      "skinka",
      "kokt",
      "200g",
      "ica",
      "pålägg"
    ],
    "isEcological": false,
    "countryOfOrigin": "Sverige",
    "imageUrl": "https://assets.icanet.se/t_product_large_v1,f_auto/7318690039792.jpg"
  },
  {
    "name": "Entrecote 200g ICA",
    "storeId": "5f59e688f158c91676980f43",
    "categoryIds": [],
    "brand": "ica",
    "price": 69.9,
    "packagingSize": "200",
    "pricePerUnit": 349.5,
    "quantityType": "GRM",
    "discount": null,
    "labels": [
      "entrecote",
      "200g",
      "ica",
      "nötkött",
      "skivad,",
      "tärnad",
      "strimlad"
    ],
    "isEcological": false,
    "countryOfOrigin": "Sverige",
    "imageUrl": "https://assets.icanet.se/t_product_large_v1,f_auto/7318690134183.jpg"
  },
  {
    "name": "Rostbiff 100g ICA",
    "storeId": "5f59e688f158c91676980f43",
    "categoryIds": [],
    "brand": "ica",
    "price": 32.9,
    "packagingSize": "100",
    "pricePerUnit": 329,
    "quantityType": "GRM",
    "discount": null,
    "labels": [
      "rostbiff",
      "100g",
      "ica",
      "pålägg",
      "pastrami"
    ],
    "isEcological": false,
    "countryOfOrigin": "Sverige",
    "imageUrl": "https://assets.icanet.se/t_product_large_v1,f_auto/7318690089032.jpg"
  },
  {
    "name": "Nötfärs 500g KRAV ICA i love eco",
    "storeId": "5f59e688f158c91676980f43",
    "categoryIds": [],
    "brand": "ica-i-love-eco",
    "price": 62.9,
    "packagingSize": "500",
    "pricePerUnit": 125.8,
    "quantityType": "GRM",
    "discount": null,
    "labels": [
      "nötfärs",
      "500g",
      "krav",
      "ica",
      "love",
      "eco",
      "köttfärs"
    ],
    "isEcological": true,
    "countryOfOrigin": "Sverige",
    "imageUrl": "https://assets.icanet.se/t_product_large_v1,f_auto/7318690131137.jpg"
  },
  {
    "name": "Salami Napoli 70g ICA",
    "storeId": "5f59e688f158c91676980f43",
    "categoryIds": [],
    "brand": "ica",
    "price": 23.9,
    "packagingSize": "70",
    "pricePerUnit": 341.42857,
    "quantityType": "GRM",
    "discount": null,
    "labels": [
      "salami",
      "napoli",
      "70g",
      "ica",
      "delikatesschark",
      "lufttorkad",
      "korv"
    ],
    "isEcological": false,
    "countryOfOrigin": "Italien",
    "imageUrl": "https://assets.icanet.se/t_product_large_v1,f_auto/7318690101079.jpg"
  },
  {
    "name": "Matjessill 200g Klädesholmen",
    "storeId": "5f59e688f158c91676980f43",
    "categoryIds": [],
    "brand": "kladesholmen",
    "price": 13.9,
    "packagingSize": "200",
    "pricePerUnit": 111.2,
    "quantityType": "GRM",
    "discount": null,
    "labels": [
      "matjessill",
      "200g",
      "klädesholmen",
      "sill,",
      "kaviar",
      "rom",
      "sill"
    ],
    "isEcological": false,
    "countryOfOrigin": "Sverige",
    "imageUrl": "https://assets.icanet.se/t_product_large_v1,f_auto/7311360102406.jpg"
  },
  {
    "name": "Gourmetskinka Kokt 200g Pärsons",
    "storeId": "5f59e688f158c91676980f43",
    "categoryIds": [],
    "brand": "parsons",
    "price": 32.9,
    "packagingSize": "200",
    "pricePerUnit": 164.5,
    "quantityType": "GRM",
    "discount": null,
    "labels": [
      "gourmetskinka",
      "kokt",
      "200g",
      "pärsons",
      "pålägg",
      "skinka"
    ],
    "isEcological": false,
    "countryOfOrigin": "Sverige",
    "imageUrl": "https://assets.icanet.se/t_product_large_v1,f_auto/7330797088800.jpg"
  },
  {
    "name": "Skinka Basturökt 120g Lönneberga",
    "storeId": "5f59e688f158c91676980f43",
    "categoryIds": [],
    "brand": "lonneberga",
    "price": 31,
    "packagingSize": "120",
    "pricePerUnit": 258.33333,
    "quantityType": "GRM",
    "discount": null,
    "labels": [
      "skinka",
      "basturökt",
      "120g",
      "lönneberga",
      "pålägg"
    ],
    "isEcological": false,
    "countryOfOrigin": "Sverige",
    "imageUrl": "https://assets.icanet.se/t_product_large_v1,f_auto/7312331808204.jpg"
  },
  {
    "name": "Stora räkor med skal 70-90st/kg Fryst 500g MSC ICA",
    "storeId": "5f59e688f158c91676980f43",
    "categoryIds": [],
    "brand": "ica",
    "price": 56.9,
    "packagingSize": "500",
    "pricePerUnit": 113.8,
    "quantityType": "GRM",
    "discount": null,
    "labels": [
      "stora",
      "räkor",
      "med",
      "skal",
      "fryst",
      "500g",
      "msc",
      "ica",
      "fisk",
      "skaldjur",
      "frysta"
    ],
    "isEcological": false,
    "countryOfOrigin": "Danmark",
    "imageUrl": "https://assets.icanet.se/t_product_large_v1,f_auto/7310751034159.jpg"
  },
  {
    "name": "Kalkon Rökt 120g ICA",
    "storeId": "5f59e688f158c91676980f43",
    "categoryIds": [],
    "brand": "ica",
    "price": 27.9,
    "packagingSize": "120",
    "pricePerUnit": 232.5,
    "quantityType": "GRM",
    "discount": null,
    "labels": [
      "kalkon",
      "rökt",
      "120g",
      "ica",
      "pålägg",
      "fågel"
    ],
    "isEcological": false,
    "countryOfOrigin": "Sverige",
    "imageUrl": "https://assets.icanet.se/t_product_large_v1,f_auto/7318690089025.jpg"
  },
  {
    "name": "Kalkonbacon 110g Tulip",
    "storeId": "5f59e688f158c91676980f43",
    "categoryIds": [],
    "brand": "tulip",
    "price": 18.9,
    "packagingSize": "110",
    "pricePerUnit": 171.81818,
    "quantityType": "GRM",
    "discount": null,
    "labels": [
      "kalkonbacon",
      "110g",
      "tulip",
      "matchark",
      "bacon",
      "stekfläsk"
    ],
    "isEcological": false,
    "countryOfOrigin": "Tyskland",
    "imageUrl": "https://assets.icanet.se/t_product_large_v1,f_auto/5707196171938.jpg"
  },
  {
    "name": "Skinka Rökt 200g ICA",
    "storeId": "5f59e688f158c91676980f43",
    "categoryIds": [],
    "brand": "ica",
    "price": 26.9,
    "packagingSize": "200",
    "pricePerUnit": 134.5,
    "quantityType": "GRM",
    "discount": null,
    "labels": [
      "skinka",
      "rökt",
      "200g",
      "ica",
      "pålägg"
    ],
    "isEcological": false,
    "countryOfOrigin": "Sverige",
    "imageUrl": "https://assets.icanet.se/t_product_large_v1,f_auto/7318690039785.jpg"
  },
  {
    "name": "Leverpastej Ugnsbakad 200g Scan",
    "storeId": "5f59e688f158c91676980f43",
    "categoryIds": [],
    "brand": "scan",
    "price": 15,
    "packagingSize": "200",
    "pricePerUnit": 75,
    "quantityType": "GRM",
    "discount": null,
    "labels": [
      "leverpastej",
      "ugnsbakad",
      "200g",
      "scan",
      "pålägg",
      "pastej",
      "paté"
    ],
    "isEcological": false,
    "countryOfOrigin": "Sverige",
    "imageUrl": "https://assets.icanet.se/t_product_large_v1,f_auto/7300206303008.jpg"
  },
  {
    "name": "Köttbullar Stekta 350g Scan",
    "storeId": "5f59e688f158c91676980f43",
    "categoryIds": [],
    "brand": "scan",
    "price": 24.9,
    "packagingSize": "350",
    "pricePerUnit": 71.14286,
    "quantityType": "GRM",
    "discount": null,
    "labels": [
      "köttbullar",
      "stekta",
      "350g",
      "scan",
      "matchark",
      "färsprodukter",
      "färsprodukter,",
      "färska"
    ],
    "isEcological": false,
    "countryOfOrigin": "Sverige",
    "imageUrl": "https://assets.icanet.se/t_product_large_v1,f_auto/7300208283001.jpg"
  },
  {
    "name": "Karrékotlett med Ben Skivad ca 1kg ICA",
    "storeId": "5f59e688f158c91676980f43",
    "categoryIds": [],
    "brand": "ica",
    "price": 91.9,
    "packagingSize": "1",
    "pricePerUnit": 91.9,
    "quantityType": "KG",
    "discount": null,
    "labels": [
      "karrékotlett",
      "med",
      "ben",
      "skivad",
      "ca",
      "1kg",
      "ica",
      "fläskkött",
      "skivad,",
      "tärnad",
      "strimlad"
    ],
    "isEcological": false,
    "countryOfOrigin": "Sverige",
    "imageUrl": "https://assets.icanet.se/t_product_large_v1,f_auto/2319100900000.jpg"
  },
  {
    "name": "Grillad kyckling 120g ICA",
    "storeId": "5f59e688f158c91676980f43",
    "categoryIds": [],
    "brand": "ica",
    "price": 27.9,
    "packagingSize": "120",
    "pricePerUnit": 232.5,
    "quantityType": "GRM",
    "discount": null,
    "labels": [
      "grillad",
      "kyckling",
      "120g",
      "ica",
      "pålägg",
      "fågel"
    ],
    "isEcological": false,
    "countryOfOrigin": "Sverige",
    "imageUrl": "https://assets.icanet.se/t_product_large_v1,f_auto/7318690107125.jpg"
  },
  {
    "name": "Leverpastej Bredbar 200g Pastejköket",
    "storeId": "5f59e688f158c91676980f43",
    "categoryIds": [],
    "brand": "pastejkoket",
    "price": 15,
    "packagingSize": "200",
    "pricePerUnit": 75,
    "quantityType": "GRM",
    "discount": null,
    "labels": [
      "leverpastej",
      "bredbar",
      "200g",
      "pastejköket",
      "pålägg",
      "pastej",
      "paté"
    ],
    "isEcological": false,
    "countryOfOrigin": "Sverige",
    "imageUrl": "https://assets.icanet.se/t_product_large_v1,f_auto/7310941801301.jpg"
  },
  {
    "name": "Ryggbiff 200g ICA",
    "storeId": "5f59e688f158c91676980f43",
    "categoryIds": [],
    "brand": "ica",
    "price": 61.9,
    "packagingSize": "200",
    "pricePerUnit": 309.5,
    "quantityType": "GRM",
    "discount": null,
    "labels": [
      "ryggbiff",
      "200g",
      "ica",
      "nötkött",
      "skivad,",
      "tärnad",
      "strimlad",
      "skivad"
    ],
    "isEcological": false,
    "countryOfOrigin": "Sverige",
    "imageUrl": "https://assets.icanet.se/t_product_large_v1,f_auto/7318690134169.jpg"
  },
  {
    "name": "Kaviar Orginal 300g Kalles",
    "storeId": "5f59e688f158c91676980f43",
    "categoryIds": [],
    "brand": "kalles",
    "price": 27.9,
    "packagingSize": "300",
    "pricePerUnit": 93,
    "quantityType": "GRM",
    "discount": null,
    "labels": [
      "kaviar",
      "orginal",
      "300g",
      "kalles",
      "sill,",
      "rom"
    ],
    "isEcological": false,
    "countryOfOrigin": "Sverige",
    "imageUrl": "https://assets.icanet.se/t_product_large_v1,f_auto/7311170031149.jpg"
  },
  {
    "name": "Kycklingbröstfilé 900g ICA Basic",
    "storeId": "5f59e688f158c91676980f43",
    "categoryIds": [],
    "brand": "ica-basic",
    "price": 49.9,
    "packagingSize": "900",
    "pricePerUnit": 55.44444,
    "quantityType": "GRM",
    "discount": null,
    "labels": [
      "kycklingbröstfilé",
      "900g",
      "ica",
      "basic",
      "kyckling",
      "fågel",
      "kycklingfilé",
      "kycklingfilé,",
      "fryst"
    ],
    "isEcological": false,
    "countryOfOrigin": "Danmark",
    "imageUrl": "https://assets.icanet.se/t_product_large_v1,f_auto/7318690176138.jpg"
  },
  {
    "name": "Emilskinka Kokt Plånboksförpackning 120g Pärsons",
    "storeId": "5f59e688f158c91676980f43",
    "categoryIds": [],
    "brand": "parsons",
    "price": 27.9,
    "packagingSize": "120",
    "pricePerUnit": 232.5,
    "quantityType": "GRM",
    "discount": null,
    "labels": [
      "emilskinka",
      "kokt",
      "plånboksförpackning",
      "120g",
      "pärsons",
      "pålägg",
      "skinka"
    ],
    "isEcological": false,
    "countryOfOrigin": "Sverige",
    "imageUrl": "https://assets.icanet.se/t_product_large_v1,f_auto/7330797077132.jpg"
  },
  {
    "name": "Ryggfilé av Torsk Fryst 3-p 420g ICA",
    "storeId": "5f59e688f158c91676980f43",
    "categoryIds": [],
    "brand": "ica",
    "price": 80.9,
    "packagingSize": "420",
    "pricePerUnit": 192.61905,
    "quantityType": "GRM",
    "discount": null,
    "labels": [
      "ryggfilé",
      "av",
      "torsk",
      "fryst",
      "420g",
      "ica",
      "fisk",
      "vitfisk",
      "skaldjur"
    ],
    "isEcological": false,
    "countryOfOrigin": "Norge",
    "imageUrl": "https://assets.icanet.se/t_product_large_v1,f_auto/7318690065968.jpg"
  },
  {
    "name": "Fläskfärs 20% ca 1kg ICA",
    "storeId": "5f59e688f158c91676980f43",
    "categoryIds": [],
    "brand": "ica",
    "price": 58.9,
    "packagingSize": "1",
    "pricePerUnit": 58.9,
    "quantityType": "KG",
    "discount": null,
    "labels": [
      "fläskfärs",
      "20%",
      "ca",
      "1kg",
      "ica",
      "köttfärs"
    ],
    "isEcological": false,
    "countryOfOrigin": "Sverige",
    "imageUrl": "https://assets.icanet.se/t_product_large_v1,f_auto/2319292600000.jpg"
  },
  {
    "name": "Köttbullar 350g ICA",
    "storeId": "5f59e688f158c91676980f43",
    "categoryIds": [],
    "brand": "ica",
    "price": 19.9,
    "packagingSize": "350",
    "pricePerUnit": 56.85714,
    "quantityType": "GRM",
    "discount": null,
    "labels": [
      "köttbullar",
      "350g",
      "ica",
      "matchark",
      "färsprodukter",
      "färsprodukter,",
      "färska"
    ],
    "isEcological": false,
    "countryOfOrigin": "Sverige",
    "imageUrl": "https://assets.icanet.se/t_product_large_v1,f_auto/7318690164494.jpg"
  },
  {
    "name": "Laxfilé Fryst 4-p 560g ICA",
    "storeId": "5f59e688f158c91676980f43",
    "categoryIds": [],
    "brand": "ica",
    "price": 94.9,
    "packagingSize": "560",
    "pricePerUnit": 169.46429,
    "quantityType": "GRM",
    "discount": null,
    "labels": [
      "laxfilé",
      "fryst",
      "560g",
      "ica",
      "fisk",
      "lax",
      "skaldjur"
    ],
    "isEcological": false,
    "countryOfOrigin": "Norge",
    "imageUrl": "https://assets.icanet.se/t_product_large_v1,f_auto/7318690033813.jpg"
  },
  {
    "name": "Kabanoss Smal 89% kötthalt 225g ICA",
    "storeId": "5f59e688f158c91676980f43",
    "categoryIds": [],
    "brand": "ica",
    "price": 29,
    "packagingSize": "225",
    "pricePerUnit": 128.88889,
    "quantityType": "GRM",
    "discount": null,
    "labels": [
      "kabanoss",
      "smal",
      "89%",
      "kötthalt",
      "225g",
      "ica",
      "korv",
      "kryddkorv"
    ],
    "isEcological": false,
    "countryOfOrigin": "Sverige",
    "imageUrl": "https://assets.icanet.se/t_product_large_v1,f_auto/7318690075226.jpg"
  },
  {
    "name": "Kycklingbröstfiléer Fryst 1kg Guldfågeln",
    "storeId": "5f59e688f158c91676980f43",
    "categoryIds": [],
    "brand": "guldfageln",
    "price": 99.9,
    "packagingSize": "1",
    "pricePerUnit": 99.9,
    "quantityType": "KG",
    "discount": {
      "priorityPromotion": {
        "id": 4373830,
        "name": "69,90 kr",
        "type": "fixed-price",
        "isFixedPrice": true,
        "hasShortValidity": true,
        "hasLongValidity": false,
        "validTo": "Giltigt till 27 september 2020",
        "forLoggedIn": true,
        "price": 69.9,
        "comparePrice": 69.9,
        "numberOfItemsInPromotion": 2,
        "maxItemsText": "Max 2 erbj per kund",
        "connectedCampaign": {
          "id": 4373830,
          "name": "Kycklingbröstfilé",
          "image": "//extbild.ica.se/PictureWeb/PublicOffer/76118/21_469302_7313940522802.jpg",
          "comparePriceText": "69:90/kg"
        },
        "offerId": "5001804810",
        "count": 1,
        "splashProperties": {
          "main": "69",
          "sup": "90",
          "post": null,
          "cardprice": true
        },
        "suppressComparePriceRange": true,
        "comparePriceTextWithoutDeposit": "Jfr-pris 69,90 kr/kg",
        "comparePriceTextWithDeposit": "Jfr-pris 69,90 kr/kg"
      }
    },
    "labels": [
      "kycklingbröstfiléer",
      "fryst",
      "1kg",
      "guldfågeln",
      "kyckling",
      "fågel",
      "kycklingfilé",
      "kycklingfilé,"
    ],
    "isEcological": false,
    "countryOfOrigin": "Sverige",
    "imageUrl": "https://assets.icanet.se/t_product_large_v1,f_auto/7313940522802.jpg"
  },
  {
    "name": "Lantskinka Rökt 120g ICA",
    "storeId": "5f59e688f158c91676980f43",
    "categoryIds": [],
    "brand": "ica",
    "price": 24.9,
    "packagingSize": "120",
    "pricePerUnit": 207.5,
    "quantityType": "GRM",
    "discount": null,
    "labels": [
      "lantskinka",
      "rökt",
      "120g",
      "ica",
      "pålägg",
      "skinka"
    ],
    "isEcological": false,
    "countryOfOrigin": "Sverige",
    "imageUrl": "https://assets.icanet.se/t_product_large_v1,f_auto/7318690088943.jpg"
  },
  {
    "name": "Kalkon Rökt 120g Pärsons",
    "storeId": "5f59e688f158c91676980f43",
    "categoryIds": [],
    "brand": "parsons",
    "price": 31,
    "packagingSize": "120",
    "pricePerUnit": 258.33333,
    "quantityType": "GRM",
    "discount": null,
    "labels": [
      "kalkon",
      "rökt",
      "120g",
      "pärsons",
      "pålägg",
      "fågel"
    ],
    "isEcological": false,
    "countryOfOrigin": "N/A",
    "imageUrl": "https://assets.icanet.se/t_product_large_v1,f_auto/7330797077118.jpg"
  },
  {
    "name": "Kalkonbröst 200g ICA",
    "storeId": "5f59e688f158c91676980f43",
    "categoryIds": [],
    "brand": "ica",
    "price": 38.9,
    "packagingSize": "200",
    "pricePerUnit": 194.5,
    "quantityType": "GRM",
    "discount": null,
    "labels": [
      "kalkonbröst",
      "200g",
      "ica",
      "pålägg",
      "fågel"
    ],
    "isEcological": false,
    "countryOfOrigin": "Sverige",
    "imageUrl": "https://assets.icanet.se/t_product_large_v1,f_auto/7318690039808.jpg"
  },
  {
    "name": "Högrevsfärs 500g ICA",
    "storeId": "5f59e688f158c91676980f43",
    "categoryIds": [],
    "brand": "ica",
    "price": 68.9,
    "packagingSize": "500",
    "pricePerUnit": 137.8,
    "quantityType": "GRM",
    "discount": null,
    "labels": [
      "högrevsfärs",
      "500g",
      "ica",
      "köttfärs",
      "nötfärs"
    ],
    "isEcological": false,
    "countryOfOrigin": "Sverige",
    "imageUrl": "https://assets.icanet.se/t_product_large_v1,f_auto/7318690131410.jpg"
  },
  {
    "name": "Grillkorv 75% kötthalt 500g ICA",
    "storeId": "5f59e688f158c91676980f43",
    "categoryIds": [],
    "brand": "ica",
    "price": 34.9,
    "packagingSize": "500",
    "pricePerUnit": 69.8,
    "quantityType": "GRM",
    "discount": null,
    "labels": [
      "grillkorv",
      "75%",
      "kötthalt",
      "500g",
      "ica",
      "korv"
    ],
    "isEcological": false,
    "countryOfOrigin": "Sverige",
    "imageUrl": "https://assets.icanet.se/t_product_large_v1,f_auto/7318690076919.jpg"
  },
  {
    "name": "Lantskinka Kokt 120g ICA",
    "storeId": "5f59e688f158c91676980f43",
    "categoryIds": [],
    "brand": "ica",
    "price": 24.9,
    "packagingSize": "120",
    "pricePerUnit": 207.5,
    "quantityType": "GRM",
    "discount": null,
    "labels": [
      "lantskinka",
      "kokt",
      "120g",
      "ica",
      "pålägg",
      "skinka"
    ],
    "isEcological": false,
    "countryOfOrigin": "Sverige",
    "imageUrl": "https://assets.icanet.se/t_product_large_v1,f_auto/7318690088967.jpg"
  },
  {
    "name": "Fläskfilé färsk ca 590g Danish Crown",
    "storeId": "5f59e688f158c91676980f43",
    "categoryIds": [],
    "brand": "danish-crown",
    "price": 79.9,
    "packagingSize": "590",
    "pricePerUnit": 79.9,
    "quantityType": "GRM",
    "discount": {
      "priorityPromotion": {
        "id": 4391806,
        "name": "39,90kr/kg",
        "type": "weighted-fixed-price",
        "isWeightedFixedPrice": true,
        "hasShortValidity": true,
        "hasLongValidity": false,
        "validTo": "Giltigt till 27 september 2020",
        "forLoggedIn": false,
        "price": 0.0399,
        "comparePrice": 0.0399,
        "numberOfItemsInPromotion": -1,
        "connectedCampaign": {
          "id": 4391806,
          "name": "Fläskfilé",
          "comparePriceText": "39:90/kg"
        },
        "offerId": "5001893471",
        "count": 1,
        "splashProperties": {
          "main": "39",
          "sup": "90",
          "post": "kr/kg",
          "cardprice": false
        },
        "suppressComparePriceRange": true,
        "comparePriceTextWithoutDeposit": "Jfr-pris 39,90 kr/kg",
        "comparePriceTextWithDeposit": "Jfr-pris 39,90 kr/kg"
      }
    },
    "labels": [
      "fläskfilé",
      "färsk",
      "ca",
      "590g",
      "danish",
      "crown",
      "fläskkött",
      "bit"
    ],
    "isEcological": false,
    "countryOfOrigin": "Danmark",
    "imageUrl": "https://assets.icanet.se/t_product_large_v1,f_auto/2385900400000.jpg"
  },
  {
    "name": "Prickigkorv 100g Scan",
    "storeId": "5f59e688f158c91676980f43",
    "categoryIds": [],
    "brand": "scan",
    "price": 17,
    "packagingSize": "100",
    "pricePerUnit": 170,
    "quantityType": "GRM",
    "discount": null,
    "labels": [
      "prickigkorv",
      "100g",
      "scan",
      "pålägg",
      "påläggskorv"
    ],
    "isEcological": false,
    "countryOfOrigin": "Sverige",
    "imageUrl": "https://assets.icanet.se/t_product_large_v1,f_auto/7300200264008.jpg"
  },
  {
    "name": "Torskfilé kedjepack 375g Royal Greenland",
    "storeId": "5f59e688f158c91676980f43",
    "categoryIds": [],
    "brand": "royal-greenland",
    "price": 60.9,
    "packagingSize": "375",
    "pricePerUnit": 162.4,
    "quantityType": "GRM",
    "discount": null,
    "labels": [
      "torskfilé",
      "kedjepack",
      "375g",
      "royal",
      "greenland",
      "fisk",
      "torsk",
      "vitfisk",
      "fryst",
      "skaldjur"
    ],
    "isEcological": false,
    "countryOfOrigin": "N/A",
    "imageUrl": "https://assets.icanet.se/t_product_large_v1,f_auto/5740301176732.jpg"
  },
  {
    "name": "Kalkonbröst Rökt 120g Lönneberga",
    "storeId": "5f59e688f158c91676980f43",
    "categoryIds": [],
    "brand": "lonneberga",
    "price": 31,
    "packagingSize": "120",
    "pricePerUnit": 258.33333,
    "quantityType": "GRM",
    "discount": null,
    "labels": [
      "kalkonbröst",
      "rökt",
      "120g",
      "lönneberga",
      "pålägg",
      "fågel"
    ],
    "isEcological": false,
    "countryOfOrigin": "Sverige",
    "imageUrl": "https://assets.icanet.se/t_product_large_v1,f_auto/7312331808594.jpg"
  },
  {
    "name": "Kotlett med Ben Skivad ca 900g ICA",
    "storeId": "5f59e688f158c91676980f43",
    "categoryIds": [],
    "brand": "ica",
    "price": 89.9,
    "packagingSize": "900",
    "pricePerUnit": 89.9,
    "quantityType": "GRM",
    "discount": {
      "priorityPromotion": {
        "id": 4373999,
        "name": "69,90kr/kg",
        "type": "weighted-fixed-price",
        "isWeightedFixedPrice": true,
        "hasShortValidity": true,
        "hasLongValidity": false,
        "validTo": "Giltigt till 27 september 2020",
        "forLoggedIn": false,
        "price": 0.0699,
        "comparePrice": 0.0699,
        "numberOfItemsInPromotion": -1,
        "connectedCampaign": {
          "id": 4373999,
          "name": "Kotlett med ben",
          "comparePriceText": "69:90/kg"
        },
        "offerId": "5001828247",
        "count": 1,
        "splashProperties": {
          "main": "69",
          "sup": "90",
          "post": "kr/kg",
          "cardprice": false
        },
        "suppressComparePriceRange": true,
        "comparePriceTextWithoutDeposit": "Jfr-pris 69,90 kr/kg",
        "comparePriceTextWithDeposit": "Jfr-pris 69,90 kr/kg"
      }
    },
    "labels": [
      "kotlett",
      "med",
      "ben",
      "skivad",
      "ca",
      "900g",
      "ica",
      "fläskkött",
      "skivad,",
      "tärnad",
      "strimlad",
      "fläskkotlett"
    ],
    "isEcological": false,
    "countryOfOrigin": "Sverige",
    "imageUrl": "https://assets.icanet.se/t_product_large_v1,f_auto/2319158800000.jpg"
  },
  {
    "name": "Fläskfärs 20% 500g ICA",
    "storeId": "5f59e688f158c91676980f43",
    "categoryIds": [],
    "brand": "ica",
    "price": 31.9,
    "packagingSize": "500",
    "pricePerUnit": 63.8,
    "quantityType": "GRM",
    "discount": null,
    "labels": [
      "fläskfärs",
      "20%",
      "500g",
      "ica",
      "köttfärs"
    ],
    "isEcological": false,
    "countryOfOrigin": "Sverige",
    "imageUrl": "https://assets.icanet.se/t_product_large_v1,f_auto/7318690159179.jpg"
  },
  {
    "name": "Salsiccia 78% kötthalt 240g ICA",
    "storeId": "5f59e688f158c91676980f43",
    "categoryIds": [],
    "brand": "ica",
    "price": 29,
    "packagingSize": "240",
    "pricePerUnit": 120.83333,
    "quantityType": "GRM",
    "discount": null,
    "labels": [
      "salsiccia",
      "78%",
      "kötthalt",
      "240g",
      "ica",
      "korv",
      "kryddkorv"
    ],
    "isEcological": false,
    "countryOfOrigin": "Sverige",
    "imageUrl": "https://assets.icanet.se/t_product_large_v1,f_auto/7318690075202.jpg"
  },
  {
    "name": "Köttbullar Mamma Scans 1kg Scan",
    "storeId": "5f59e688f158c91676980f43",
    "categoryIds": [],
    "brand": "scan",
    "price": 57.9,
    "packagingSize": "1",
    "pricePerUnit": 57.9,
    "quantityType": "KG",
    "discount": null,
    "labels": [
      "köttbullar",
      "mamma",
      "scans",
      "1kg",
      "scan",
      "matchark",
      "färsprodukter",
      "färsprodukter,",
      "färska"
    ],
    "isEcological": false,
    "countryOfOrigin": "Sverige",
    "imageUrl": "https://assets.icanet.se/t_product_large_v1,f_auto/7300200080004.jpg"
  },
  {
    "name": "Saltrulle Kokt 120g Pärsons",
    "storeId": "5f59e688f158c91676980f43",
    "categoryIds": [],
    "brand": "parsons",
    "price": 30,
    "packagingSize": "120",
    "pricePerUnit": 250,
    "quantityType": "GRM",
    "discount": null,
    "labels": [
      "saltrulle",
      "kokt",
      "120g",
      "pärsons",
      "pålägg",
      "skinka"
    ],
    "isEcological": false,
    "countryOfOrigin": "Sverige",
    "imageUrl": "https://assets.icanet.se/t_product_large_v1,f_auto/7330797077187.jpg"
  },
  {
    "name": "Revbenspjäll Tunna ca 1,1kg ICA",
    "storeId": "5f59e688f158c91676980f43",
    "categoryIds": [],
    "brand": "ica",
    "price": 69.9,
    "packagingSize": "N/A",
    "pricePerUnit": 69.9,
    "quantityType": "KG",
    "discount": null,
    "labels": [
      "revbenspjäll",
      "tunna",
      "ca",
      "11kg",
      "ica",
      "fläskkött",
      "bit"
    ],
    "isEcological": false,
    "countryOfOrigin": "Sverige",
    "imageUrl": "https://assets.icanet.se/t_product_large_v1,f_auto/2319118200000.jpg"
  },
  {
    "name": "Skinka Extrarökt 200g ICA",
    "storeId": "5f59e688f158c91676980f43",
    "categoryIds": [],
    "brand": "ica",
    "price": 26.9,
    "packagingSize": "200",
    "pricePerUnit": 134.5,
    "quantityType": "GRM",
    "discount": null,
    "labels": [
      "skinka",
      "extrarökt",
      "200g",
      "ica",
      "pålägg"
    ],
    "isEcological": false,
    "countryOfOrigin": "Sverige",
    "imageUrl": "https://assets.icanet.se/t_product_large_v1,f_auto/7318690091899.jpg"
  },
  {
    "name": "Joddlarkorv 50g Ridderheims",
    "storeId": "5f59e688f158c91676980f43",
    "categoryIds": [],
    "brand": "ridderheims",
    "price": 18.9,
    "packagingSize": "50",
    "pricePerUnit": 378,
    "quantityType": "GRM",
    "discount": null,
    "labels": [
      "joddlarkorv",
      "50g",
      "ridderheims",
      "delikatesschark",
      "ölkorv"
    ],
    "isEcological": false,
    "countryOfOrigin": "Sverige",
    "imageUrl": "https://assets.icanet.se/t_product_large_v1,f_auto/7392555502089.jpg"
  },
  {
    "name": "Medwurst Kokt Skivad 110g Scan",
    "storeId": "5f59e688f158c91676980f43",
    "categoryIds": [],
    "brand": "scan",
    "price": 17,
    "packagingSize": "110",
    "pricePerUnit": 154.54545,
    "quantityType": "GRM",
    "discount": null,
    "labels": [
      "medwurst",
      "kokt",
      "skivad",
      "110g",
      "scan",
      "pålägg",
      "påläggskorv"
    ],
    "isEcological": false,
    "countryOfOrigin": "Sverige",
    "imageUrl": "https://assets.icanet.se/t_product_large_v1,f_auto/7300202713009.jpg"
  },
  {
    "name": "Cognacsmedwurst 120g ICA",
    "storeId": "5f59e688f158c91676980f43",
    "categoryIds": [],
    "brand": "ica",
    "price": 18.9,
    "packagingSize": "120",
    "pricePerUnit": 157.5,
    "quantityType": "GRM",
    "discount": null,
    "labels": [
      "cognacsmedwurst",
      "120g",
      "ica",
      "pålägg",
      "påläggskorv"
    ],
    "isEcological": false,
    "countryOfOrigin": "Sverige",
    "imageUrl": "https://assets.icanet.se/t_product_large_v1,f_auto/7318690107163.jpg"
  },
  {
    "name": "Kycklingfilé ca 925g Kronfågel",
    "storeId": "5f59e688f158c91676980f43",
    "categoryIds": [],
    "brand": "kronfagel",
    "price": 139,
    "packagingSize": "925",
    "pricePerUnit": 139,
    "quantityType": "GRM",
    "discount": null,
    "labels": [
      "kycklingfilé",
      "ca",
      "925g",
      "kronfågel",
      "kyckling",
      "fågel",
      "kycklingfilé,",
      "färsk"
    ],
    "isEcological": false,
    "countryOfOrigin": "Sverige",
    "imageUrl": "https://assets.icanet.se/t_product_large_v1,f_auto/2332804000000.jpg"
  },
  {
    "name": "Kycklingben Fryst 1kg Kronfågel",
    "storeId": "5f59e688f158c91676980f43",
    "categoryIds": [],
    "brand": "kronfagel",
    "price": 33.9,
    "packagingSize": "1",
    "pricePerUnit": 33.9,
    "quantityType": "KG",
    "discount": null,
    "labels": [
      "kycklingben",
      "fryst",
      "1kg",
      "kronfågel",
      "kyckling",
      "fågel",
      "kycklingdelar",
      "frysta",
      "kycklingdelar,"
    ],
    "isEcological": false,
    "countryOfOrigin": "Sverige",
    "imageUrl": "https://assets.icanet.se/t_product_large_v1,f_auto/7300322518003.jpg"
  },
  {
    "name": "Skinka Kokt 120g Lönneberga",
    "storeId": "5f59e688f158c91676980f43",
    "categoryIds": [],
    "brand": "lonneberga",
    "price": 31,
    "packagingSize": "120",
    "pricePerUnit": 258.33333,
    "quantityType": "GRM",
    "discount": null,
    "labels": [
      "skinka",
      "kokt",
      "120g",
      "lönneberga",
      "pålägg"
    ],
    "isEcological": false,
    "countryOfOrigin": "Sverige",
    "imageUrl": "https://assets.icanet.se/t_product_large_v1,f_auto/7312331808211.jpg"
  },
  {
    "name": "Sylta Småländsk 200g Lithells",
    "storeId": "5f59e688f158c91676980f43",
    "categoryIds": [],
    "brand": "lithells",
    "price": 17,
    "packagingSize": "200",
    "pricePerUnit": 85,
    "quantityType": "GRM",
    "discount": null,
    "labels": [
      "sylta",
      "småländsk",
      "200g",
      "lithells",
      "pålägg"
    ],
    "isEcological": false,
    "countryOfOrigin": "Sverige",
    "imageUrl": "https://assets.icanet.se/t_product_large_v1,f_auto/7312333001863.jpg"
  },
  {
    "name": "Bacon Tärnat 140g ICA",
    "storeId": "5f59e688f158c91676980f43",
    "categoryIds": [],
    "brand": "ica",
    "price": 16,
    "packagingSize": "140",
    "pricePerUnit": 114.28571,
    "quantityType": "GRM",
    "discount": null,
    "labels": [
      "bacon",
      "tärnat",
      "140g",
      "ica",
      "matchark",
      "stekfläsk"
    ],
    "isEcological": false,
    "countryOfOrigin": "Sverige",
    "imageUrl": "https://assets.icanet.se/t_product_large_v1,f_auto/7318690182412.jpg"
  },
  {
    "name": "Rödspättafilé 3-6st Fryst 300g Royal Greenland",
    "storeId": "5f59e688f158c91676980f43",
    "categoryIds": [],
    "brand": "royal-greenland",
    "price": 42,
    "packagingSize": "300",
    "pricePerUnit": 140,
    "quantityType": "GRM",
    "discount": null,
    "labels": [
      "rödspättafilé",
      "fryst",
      "300g",
      "royal",
      "greenland",
      "fisk",
      "rödspätta",
      "skaldjur",
      "förberedd"
    ],
    "isEcological": false,
    "countryOfOrigin": "Polen",
    "imageUrl": "https://assets.icanet.se/t_product_large_v1,f_auto/5740301114345.jpg"
  },
  {
    "name": "Bacon Tärnad 140g Scan",
    "storeId": "5f59e688f158c91676980f43",
    "categoryIds": [],
    "brand": "scan",
    "price": 18.9,
    "packagingSize": "140",
    "pricePerUnit": 135,
    "quantityType": "GRM",
    "discount": null,
    "labels": [
      "bacon",
      "tärnad",
      "140g",
      "scan",
      "matchark",
      "stekfläsk"
    ],
    "isEcological": false,
    "countryOfOrigin": "Sverige",
    "imageUrl": "https://assets.icanet.se/t_product_large_v1,f_auto/7300205753002.jpg"
  },
  {
    "name": "Röd Hot Dog pölse 375g Gol Pölser",
    "storeId": "5f59e688f158c91676980f43",
    "categoryIds": [],
    "brand": "gol-polser",
    "price": 46.9,
    "packagingSize": "375",
    "pricePerUnit": 125.06667,
    "quantityType": "GRM",
    "discount": null,
    "labels": [
      "röd",
      "hot",
      "dog",
      "pölse",
      "375g",
      "gol",
      "pölser",
      "korv",
      "varmkorv"
    ],
    "isEcological": false,
    "countryOfOrigin": "Tyskland",
    "imageUrl": "https://assets.icanet.se/t_product_large_v1,f_auto/5701251501524.jpg"
  },
  {
    "name": "Grillkorv 500g ICA",
    "storeId": "5f59e688f158c91676980f43",
    "categoryIds": [],
    "brand": "ica",
    "price": 21.9,
    "packagingSize": "500",
    "pricePerUnit": 43.8,
    "quantityType": "GRM",
    "discount": null,
    "labels": [
      "grillkorv",
      "500g",
      "ica",
      "korv"
    ],
    "isEcological": false,
    "countryOfOrigin": "Sverige",
    "imageUrl": "https://assets.icanet.se/t_product_large_v1,f_auto/7318690112051.jpg"
  },
  {
    "name": "Hot Amigo 50g Ridderheims",
    "storeId": "5f59e688f158c91676980f43",
    "categoryIds": [],
    "brand": "ridderheims",
    "price": 18.9,
    "packagingSize": "50",
    "pricePerUnit": 378,
    "quantityType": "GRM",
    "discount": null,
    "labels": [
      "hot",
      "amigo",
      "50g",
      "ridderheims",
      "delikatesschark",
      "ölkorv"
    ],
    "isEcological": false,
    "countryOfOrigin": "Sverige",
    "imageUrl": "https://assets.icanet.se/t_product_large_v1,f_auto/7392555502065.jpg"
  },
  {
    "name": "Emilskinka Rökt 120g Pärsons",
    "storeId": "5f59e688f158c91676980f43",
    "categoryIds": [],
    "brand": "parsons",
    "price": 27.9,
    "packagingSize": "120",
    "pricePerUnit": 232.5,
    "quantityType": "GRM",
    "discount": null,
    "labels": [
      "emilskinka",
      "rökt",
      "120g",
      "pärsons",
      "pålägg",
      "skinka"
    ],
    "isEcological": false,
    "countryOfOrigin": "Sverige",
    "imageUrl": "https://assets.icanet.se/t_product_large_v1,f_auto/7330797077149.jpg"
  },
  {
    "name": "Skinka Kallrökt 100g ICA",
    "storeId": "5f59e688f158c91676980f43",
    "categoryIds": [],
    "brand": "ica",
    "price": 26.9,
    "packagingSize": "100",
    "pricePerUnit": 269,
    "quantityType": "GRM",
    "discount": null,
    "labels": [
      "skinka",
      "kallrökt",
      "100g",
      "ica",
      "pålägg"
    ],
    "isEcological": false,
    "countryOfOrigin": "Danmark",
    "imageUrl": "https://assets.icanet.se/t_product_large_v1,f_auto/7318690088974.jpg"
  },
  {
    "name": "Köttbullar 1kg ICA",
    "storeId": "5f59e688f158c91676980f43",
    "categoryIds": [],
    "brand": "ica",
    "price": 48.9,
    "packagingSize": "1",
    "pricePerUnit": 48.9,
    "quantityType": "KG",
    "discount": null,
    "labels": [
      "köttbullar",
      "1kg",
      "ica",
      "matchark",
      "färsprodukter",
      "färsprodukter,",
      "färska"
    ],
    "isEcological": false,
    "countryOfOrigin": "Sverige",
    "imageUrl": "https://assets.icanet.se/t_product_large_v1,f_auto/7318690164302.jpg"
  },
  {
    "name": "Kaviar Extra mild 300g Svennes",
    "storeId": "5f59e688f158c91676980f43",
    "categoryIds": [],
    "brand": "svennes",
    "price": 25.9,
    "packagingSize": "300",
    "pricePerUnit": 86.33333,
    "quantityType": "GRM",
    "discount": null,
    "labels": [
      "kaviar",
      "extra",
      "mild",
      "300g",
      "svennes",
      "sill,",
      "rom"
    ],
    "isEcological": false,
    "countryOfOrigin": "Sverige",
    "imageUrl": "https://assets.icanet.se/t_product_large_v1,f_auto/7311171006436.jpg"
  },
  {
    "name": "Kycklingfärs 500g Kronfågel",
    "storeId": "5f59e688f158c91676980f43",
    "categoryIds": [],
    "brand": "kronfagel",
    "price": 43.9,
    "packagingSize": "500",
    "pricePerUnit": 87.8,
    "quantityType": "GRM",
    "discount": null,
    "labels": [
      "kycklingfärs",
      "500g",
      "kronfågel",
      "kyckling",
      "fågel",
      "kyckligfärs,",
      "färsk"
    ],
    "isEcological": false,
    "countryOfOrigin": "Sverige",
    "imageUrl": "https://assets.icanet.se/t_product_large_v1,f_auto/7300327679006.jpg"
  },
  {
    "name": "Salsiccia 300g ICA Selection",
    "storeId": "5f59e688f158c91676980f43",
    "categoryIds": [],
    "brand": "ica-selection",
    "price": 39.9,
    "packagingSize": "300",
    "pricePerUnit": 133,
    "quantityType": "GRM",
    "discount": null,
    "labels": [
      "salsiccia",
      "300g",
      "ica",
      "selection",
      "korv",
      "färsk"
    ],
    "isEcological": false,
    "countryOfOrigin": "Sverige",
    "imageUrl": "https://assets.icanet.se/t_product_large_v1,f_auto/7318690146964.jpg"
  },
  {
    "name": "Lövbiff Skivad ca 500g Skånska Gårdar",
    "storeId": "5f59e688f158c91676980f43",
    "categoryIds": [],
    "brand": "skanska-gardar",
    "price": 195,
    "packagingSize": "500",
    "pricePerUnit": 195,
    "quantityType": "GRM",
    "discount": null,
    "labels": [
      "lövbiff",
      "skivad",
      "ca",
      "500g",
      "skånska",
      "gårdar",
      "nötkött",
      "skivad,",
      "tärnad",
      "strimlad"
    ],
    "isEcological": false,
    "countryOfOrigin": "Sverige",
    "imageUrl": "https://assets.icanet.se/t_product_large_v1,f_auto/2330072500000.jpg"
  },
  {
    "name": "Skinka Strimlad Rökt 180g ICA",
    "storeId": "5f59e688f158c91676980f43",
    "categoryIds": [],
    "brand": "ica",
    "price": 23.9,
    "packagingSize": "180",
    "pricePerUnit": 132.77778,
    "quantityType": "GRM",
    "discount": null,
    "labels": [
      "skinka",
      "strimlad",
      "rökt",
      "180g",
      "ica",
      "matchark"
    ],
    "isEcological": false,
    "countryOfOrigin": "Sverige",
    "imageUrl": "https://assets.icanet.se/t_product_large_v1,f_auto/7318690110002.jpg"
  },
  {
    "name": "Rökt kyckling 120g ICA",
    "storeId": "5f59e688f158c91676980f43",
    "categoryIds": [],
    "brand": "ica",
    "price": 27.9,
    "packagingSize": "120",
    "pricePerUnit": 232.5,
    "quantityType": "GRM",
    "discount": null,
    "labels": [
      "rökt",
      "kyckling",
      "120g",
      "ica",
      "pålägg",
      "fågel"
    ],
    "isEcological": false,
    "countryOfOrigin": "Sverige",
    "imageUrl": "https://assets.icanet.se/t_product_large_v1,f_auto/7318690124474.jpg"
  },
  {
    "name": "Deli Gräddleverpastej 200g Scan",
    "storeId": "5f59e688f158c91676980f43",
    "categoryIds": [],
    "brand": "scan",
    "price": 19.9,
    "packagingSize": "200",
    "pricePerUnit": 99.5,
    "quantityType": "GRM",
    "discount": null,
    "labels": [
      "deli",
      "gräddleverpastej",
      "200g",
      "scan",
      "pålägg",
      "pastej",
      "paté"
    ],
    "isEcological": false,
    "countryOfOrigin": "Sverige",
    "imageUrl": "https://assets.icanet.se/t_product_large_v1,f_auto/7300201481008.jpg"
  },
  {
    "name": "Kabanoss 78% kötthalt 240g ICA",
    "storeId": "5f59e688f158c91676980f43",
    "categoryIds": [],
    "brand": "ica",
    "price": 29,
    "packagingSize": "240",
    "pricePerUnit": 120.83333,
    "quantityType": "GRM",
    "discount": null,
    "labels": [
      "kabanoss",
      "78%",
      "kötthalt",
      "240g",
      "ica",
      "korv",
      "kryddkorv"
    ],
    "isEcological": false,
    "countryOfOrigin": "Sverige",
    "imageUrl": "https://assets.icanet.se/t_product_large_v1,f_auto/7318690075196.jpg"
  },
  {
    "name": "Kyckling örtkryddad 120g ICA",
    "storeId": "5f59e688f158c91676980f43",
    "categoryIds": [],
    "brand": "ica",
    "price": 27.9,
    "packagingSize": "120",
    "pricePerUnit": 232.5,
    "quantityType": "GRM",
    "discount": null,
    "labels": [
      "kyckling",
      "örtkryddad",
      "120g",
      "ica",
      "pålägg",
      "fågel"
    ],
    "isEcological": false,
    "countryOfOrigin": "Sverige",
    "imageUrl": "https://assets.icanet.se/t_product_large_v1,f_auto/7318690124467.jpg"
  },
  {
    "name": "Pepparsalami 120g ICA",
    "storeId": "5f59e688f158c91676980f43",
    "categoryIds": [],
    "brand": "ica",
    "price": 27.9,
    "packagingSize": "120",
    "pricePerUnit": 232.5,
    "quantityType": "GRM",
    "discount": null,
    "labels": [
      "pepparsalami",
      "120g",
      "ica",
      "pålägg",
      "salami"
    ],
    "isEcological": false,
    "countryOfOrigin": "Danmark",
    "imageUrl": "https://assets.icanet.se/t_product_large_v1,f_auto/7318690089001.jpg"
  },
  {
    "name": "Chorizo 300g ICA",
    "storeId": "5f59e688f158c91676980f43",
    "categoryIds": [],
    "brand": "ica",
    "price": 29,
    "packagingSize": "300",
    "pricePerUnit": 96.66667,
    "quantityType": "GRM",
    "discount": null,
    "labels": [
      "chorizo",
      "300g",
      "ica",
      "korv",
      "kryddkorv"
    ],
    "isEcological": false,
    "countryOfOrigin": "Sverige",
    "imageUrl": "https://assets.icanet.se/t_product_large_v1,f_auto/7318690034117.jpg"
  },
  {
    "name": "Revbensspjäll Tjocka ca 825g ICA",
    "storeId": "5f59e688f158c91676980f43",
    "categoryIds": [],
    "brand": "ica",
    "price": 72.9,
    "packagingSize": "825",
    "pricePerUnit": 72.9,
    "quantityType": "GRM",
    "discount": null,
    "labels": [
      "revbensspjäll",
      "tjocka",
      "ca",
      "825g",
      "ica",
      "fläskkött",
      "bit",
      "revbenspjäll"
    ],
    "isEcological": false,
    "countryOfOrigin": "Sverige",
    "imageUrl": "https://assets.icanet.se/t_product_large_v1,f_auto/2319118100000.jpg"
  },
  {
    "name": "Blodpudding 500g Gea s",
    "storeId": "5f59e688f158c91676980f43",
    "categoryIds": [],
    "brand": "gea-s",
    "price": 10.9,
    "packagingSize": "500",
    "pricePerUnit": 21.8,
    "quantityType": "GRM",
    "discount": null,
    "labels": [
      "blodpudding",
      "500g",
      "gea",
      "matchark"
    ],
    "isEcological": false,
    "countryOfOrigin": "Sverige",
    "imageUrl": "https://assets.icanet.se/t_product_large_v1,f_auto/7310943092523.jpg"
  },
  {
    "name": "Kycklingbröstfilé 1kg ICA Gott Liv",
    "storeId": "5f59e688f158c91676980f43",
    "categoryIds": [],
    "brand": "ica-gott-liv",
    "price": 121,
    "packagingSize": "1",
    "pricePerUnit": 121,
    "quantityType": "KG",
    "discount": null,
    "labels": [
      "kycklingbröstfilé",
      "1kg",
      "ica",
      "gott",
      "liv",
      "kyckling",
      "fågel",
      "kycklingfilé",
      "kycklingfilé,",
      "färsk"
    ],
    "isEcological": false,
    "countryOfOrigin": "Sverige",
    "imageUrl": "https://assets.icanet.se/t_product_large_v1,f_auto/7318690158257.jpg"
  },
  {
    "name": "Leverpastej Bredbar 75g Pastejköket",
    "storeId": "5f59e688f158c91676980f43",
    "categoryIds": [],
    "brand": "pastejkoket",
    "price": 16,
    "packagingSize": "75",
    "pricePerUnit": 106.66667,
    "quantityType": "GRM",
    "discount": null,
    "labels": [
      "leverpastej",
      "bredbar",
      "75g",
      "pastejköket",
      "pålägg",
      "pastej",
      "paté"
    ],
    "isEcological": false,
    "countryOfOrigin": "Sverige",
    "imageUrl": "https://assets.icanet.se/t_product_large_v1,f_auto/7310941801066.jpg"
  }
]